<record><leader>00000cas a2200000 a 4500</leader><controlfield tag="001">12241634</controlfield><controlfield tag="008">850708d18861954paudn ne      0    0eng c</controlfield><datafield ind1=" " ind2=" " tag="010"><subfield code="a">sn 85054725 </subfield></datafield><datafield ind1=" " ind2=" " tag="040"><subfield code="a">PLF</subfield><subfield code="b">eng</subfield><subfield code="c">PLF</subfield><subfield code="d">NPH</subfield><subfield code="d">DLC</subfield><subfield code="d">NPH</subfield><subfield code="d">CNK</subfield><subfield code="d">OCLCQ</subfield><subfield code="d">OCLCF</subfield><subfield code="d">OCLCO</subfield></datafield><datafield ind1="1" ind2=" " tag="029"><subfield code="a">AU@</subfield><subfield code="b">000025435619</subfield></datafield><datafield ind1=" " ind2=" " tag="042"><subfield code="a">pcc</subfield></datafield><datafield ind1=" " ind2=" " tag="043"><subfield code="a">n-us-pa</subfield></datafield><datafield ind1="0" ind2="0" tag="050"><subfield code="a">Newspaper 7002</subfield></datafield><datafield ind1="0" ind2="0" tag="245"><subfield code="a">Doylestown daily intelligencer.</subfield></datafield><datafield ind1="3" ind2="0" tag="246"><subfield code="a">Doylestown intelligencer</subfield></datafield><datafield ind1="1" ind2="7" tag="246"><subfield code="a">Intelligencer</subfield></datafield><datafield ind1=" " ind2=" " tag="260"><subfield code="a">Doylestown, Bucks County, Pa. :</subfield><subfield code="b">Paschall Bros.,</subfield><subfield code="c">1886-1954.</subfield></datafield><datafield ind1=" " ind2=" " tag="300"><subfield code="a">v. :</subfield><subfield code="b">ill. ;</subfield><subfield code="c">42-57 cm.</subfield></datafield><datafield ind1=" " ind2=" " tag="310"><subfield code="a">Daily (except Sun.)</subfield></datafield><datafield ind1="0" ind2=" " tag="362"><subfield code="a">Vol. 1, no. 1 (Sept. 6, 1886)-v. 69, no. 98 (Dec. 31, 1954).</subfield></datafield><datafield ind1=" " ind2=" " tag="500"><subfield code="a">The word "daily" printed within masthead logo.</subfield></datafield><datafield ind1=" " ind2=" " tag="500"><subfield code="a">Publisher: Alfred Paschall &amp; Co., &lt;1891&gt; ; Intelligencer Co., &lt;Dec. 8, 1900-Oct. 11, 1932&gt;.</subfield></datafield><datafield ind1=" " ind2=" " tag="500"><subfield code="a">"Anniversary edition," July 7, 1929. Cf. Gregory, W. Amer. newspapers.</subfield></datafield><datafield ind1=" " ind2=" " tag="500"><subfield code="a">Masthead for &lt;1954-&gt; had subtitle :"Bucks County intelligencer"in small letters.</subfield></datafield><datafield ind1=" " ind2=" " tag="580"><subfield code="a">Weekly ed.: Bucks County intelligencer.</subfield></datafield><datafield ind1=" " ind2="0" tag="651"><subfield code="a">Doylestown (Pa.)</subfield><subfield code="v">Newspapers.</subfield></datafield><datafield ind1=" " ind2="7" tag="655"><subfield code="a">Newspapers.</subfield><subfield code="2">fast</subfield><subfield code="0">(OCoLC)fst01423814</subfield></datafield><datafield ind1=" " ind2="7" tag="651"><subfield code="a">Pennsylvania</subfield><subfield code="z">Doylestown.</subfield><subfield code="2">fast</subfield><subfield code="0">(OCoLC)fst01213797</subfield></datafield><datafield ind1=" " ind2=" " tag="752"><subfield code="a">United States</subfield><subfield code="b">Pennsylvania</subfield><subfield code="c">Bucks</subfield><subfield code="d">Doylestown.</subfield></datafield><datafield ind1="1" ind2=" " tag="775"><subfield code="t">Bucks County intelligencer</subfield><subfield code="w">(DLC)sn 83032018</subfield><subfield code="w">(OCoLC)10129748</subfield></datafield><datafield ind1="0" ind2="0" tag="785"><subfield code="t">Daily intelligencer (Doylestown, Pa.)</subfield><subfield code="w">(DLC)sn 85054724</subfield><subfield code="w">(OCoLC)12241646</subfield></datafield></record>